<?xml version="1.0" encoding="UTF-8"?><collection xmlns="http://www.loc.gov/MARC21/slim"><record><leader>00360nam--2200133-i-4500</leader><controlfield tag="001">000034471</controlfield><controlfield tag="002">20161230</controlfield><controlfield tag="005">20161230201040</controlfield><controlfield tag="008">060222s1000------------r-----000-0-eng-d</controlfield><datafield ind1=" " ind2=" " tag="080"><subfield code="a">530.12:524.8</subfield></datafield><datafield ind1=" " ind2=" " tag="100"><subfield code="a">Noonan, Thomas W.And Robertson, H.P</subfield></datafield><datafield ind1=" " ind2=" " tag="245"><subfield code="a">Relativity and cosology</subfield></datafield><datafield ind1=" " ind2=" " tag="260"><subfield code="a">Philadelphia, W.B.Saunders Co., 1968, Xxxiii + 456p</subfield></datafield><datafield ind1=" " ind2=" " tag="852"><subfield code="a">75762</subfield></datafield></record></collection>